<record><leader>00000cas a22000007a 4500</leader><controlfield tag="001">10552119</controlfield><controlfield tag="008">840322c19uu9999ncuwr ne      0   a0eng d</controlfield><datafield ind1=" " ind2=" " tag="010"><subfield code="a">sn 84007783 </subfield></datafield><datafield ind1=" " ind2=" " tag="040"><subfield code="a">NSD</subfield><subfield code="b">eng</subfield><subfield code="c">NSD</subfield><subfield code="d">OCLCQ</subfield></datafield><datafield ind1=" " ind2=" " tag="012"><subfield code="m">1</subfield></datafield><datafield ind1="1" ind2=" " tag="022"><subfield code="a">0747-1149</subfield><subfield code="l">0747-1149</subfield><subfield code="2">1</subfield></datafield><datafield ind1=" " ind2=" " tag="032"><subfield code="a">577920</subfield><subfield code="b">USPS</subfield></datafield><datafield ind1=" " ind2=" " tag="037"><subfield code="b">The Havelock Progress, 310 W. Main St., Havelock, NC 28532</subfield></datafield><datafield ind1=" " ind2=" " tag="042"><subfield code="a">nsdp</subfield></datafield><datafield ind1=" " ind2="4" tag="222"><subfield code="a">The Havelock progress</subfield></datafield><datafield ind1="0" ind2="4" tag="245"><subfield code="a">The Havelock progress.</subfield></datafield><datafield ind1=" " ind2=" " tag="260"><subfield code="a">Havelock, N.C. :</subfield><subfield code="b">Havelock Progress Pub. Co.</subfield></datafield><datafield ind1=" " ind2=" " tag="310"><subfield code="a">Weekly</subfield></datafield><datafield ind1=" " ind2=" " tag="588"><subfield code="a">Description based on: 32nd year, no. 45 (Thursday, Mar. 15, 1984).</subfield></datafield><datafield ind1=" " ind2=" " tag="752"><subfield code="a">United States</subfield><subfield code="b">North Carolina</subfield><subfield code="c">Craven</subfield><subfield code="d">Havelock.</subfield></datafield><datafield ind1=" " ind2=" " tag="936"><subfield code="a">Mar. 15, 1984</subfield></datafield><datafield ind1="1" ind2=" " tag="029"><subfield code="a">AU@</subfield><subfield code="b">000025814806</subfield></datafield></record>